<?xml version="1.0" encoding="UTF-8" standalone="yes"?>
<bibs>
  <bib>
    <mms_id>1</mms_id>
    <record_format>marc21</record_format>
    <linked_record_id/>
    <title>Food poisoning /</title>
    <author>Dack, Gail Monroe,</author>
    <network_numbers>
      <network_number>(TrN)46485-train20072_c2db</network_number>
      <network_number>CNV01403287</network_number>
    </network_numbers>
    <place_of_publication>Chicago :</place_of_publication>
    <publisher_const>The University of Chicago Press</publisher_const>
    <holdings link="https://api-na.hosted.exlibrisgroup.com/almaws/v1/bibs/1/holdings"/>
    <created_by>import</created_by>
    <created_date>2011-12-17Z</created_date>
    <last_modified_by>OPR-RECALCULATION</last_modified_by>
    <last_modified_date>2016-07-08Z</last_modified_date>
    <suppress_from_publishing>false</suppress_from_publishing>
    <originating_system>ILS</originating_system>
    <originating_system_id>46485-train20072_c2db</originating_system_id>
    <record>
      <leader>00445nam a2200157 . 4500</leader>
      <controlfield tag="001">1</controlfield>
      <controlfield tag="008">911104s1943 xx 000 0 eng</controlfield>
      <controlfield tag="005">20160708102627.0</controlfield>
      <datafield ind1=" " ind2=" " tag="035">
        <subfield code="a">CNV01403287</subfield>
      </datafield>
      <datafield ind1=" " ind2=" " tag="035">
        <subfield code="a">(TrN)46485-train20072_c2db</subfield>
      </datafield>
      <datafield ind1=" " ind2=" " tag="049">
        <subfield code="a">SHCM</subfield>
      </datafield>
      <datafield ind1=" " ind2=" " tag="092">
        <subfield code="a">615.9 D11f</subfield>
      </datafield>
      <datafield ind1="1" ind2=" " tag="100">
        <subfield code="a">Dack, Gail Monroe,</subfield>
        <subfield code="d">1901-</subfield>
      </datafield>
      <datafield ind1="1" ind2="0" tag="245">
        <subfield code="a">Food poisoning /</subfield>
        <subfield code="c">by G. M. Dack.</subfield>
      </datafield>
      <datafield ind1=" " ind2=" " tag="260">
        <subfield code="a">Chicago :</subfield>
        <subfield code="b">The University of Chicago Press,</subfield>
        <subfield code="c">c1943.</subfield>
      </datafield>
      <datafield ind1=" " ind2=" " tag="300">
        <subfield code="a">138 p. ;</subfield>
        <subfield code="c">23 cm.</subfield>
      </datafield>
      <datafield ind1=" " ind2=" " tag="INT">
        <subfield code="a">P</subfield>
      </datafield>
      <datafield ind1=" " ind2=" " tag="INST">
        <subfield code="a">01TULI_INST</subfield>
      </datafield>
      <datafield ind1=" " ind2=" " tag="AVA">
        <subfield code="0">1</subfield>
        <subfield code="a">01TULI_INST</subfield>
        <subfield code="b">MAIN</subfield>
        <subfield code="q">Main Library</subfield>
        <subfield code="c">Stacks</subfield>
        <subfield code="d">615.9 D11f</subfield>
        <subfield code="e">unavailable</subfield>
        <subfield code="f">1</subfield>
        <subfield code="g">1</subfield>
        <subfield code="j">main</subfield>
        <subfield code="k">8</subfield>
        <subfield code="p">1</subfield>
      </datafield>
    </record>