
  </bib>
  <bib>
    <mms_id>2</mms_id>
    <record_format>marc21</record_format>
    <linked_record_id/>
    <title>Food in history /</title>
    <author>Tannahill, Reay.</author>
    <isbn>0140469214 :</isbn>
    <complete_edition>New, fully rev. and updated ed., 2nd ed.</complete_edition>
    <network_numbers>
      <network_number>(TrN)62540-train20072_c2db</network_number>
      <network_number>2508825</network_number>
    </network_numbers>
    <place_of_publication>London, England :</place_of_publication>
    <publisher_const>Penguin</publisher_const>
    <holdings link="https://api-na.hosted.exlibrisgroup.com/almaws/v1/bibs/2/holdings"/>
    <created_by>import</created_by>
    <created_date>2011-12-17Z</created_date>
    <last_modified_by>OPR-RECALCULATION</last_modified_by>
    <last_modified_date>2016-07-08Z</last_modified_date>
    <suppress_from_publishing>false</suppress_from_publishing>
    <originating_system>ILS</originating_system>
    <originating_system_id>62540-train20072_c2db</originating_system_id>
    <record>
      <leader>00823nam a2200253 a 4500</leader>
      <controlfield tag="001">2</controlfield>
      <controlfield tag="005">20160708101926.0</controlfield>
      <controlfield tag="008">920203s1988 enka b 001 0 eng c</controlfield>
      <datafield ind1=" " ind2=" " tag="010">
        <subfield code="a">92112151</subfield>
      </datafield>
      <datafield ind1=" " ind2=" " tag="020">
        <subfield code="a">0140469214 :</subfield>
        <subfield code="c">£10.99</subfield>
      </datafield>
      <datafield ind1=" " ind2=" " tag="035">
        <subfield code="9">(DLC) 92112151</subfield>
      </datafield>
      <datafield ind1=" " ind2=" " tag="035">
        <subfield code="a">2508825</subfield>
      </datafield>
      <datafield ind1=" " ind2=" " tag="035">
        <subfield code="a">(TrN)62540-train20072_c2db</subfield>
      </datafield>
      <datafield ind1=" " ind2=" " tag="040">
        <subfield code="a">MH</subfield>
        <subfield code="c">MH</subfield>
      </datafield>
      <datafield ind1="1" ind2="4" tag="050">
        <subfield code="a">GT2850</subfield>
        <subfield code="b">.T34 1988</subfield>
      </datafield>
      <datafield ind1="1" ind2=" " tag="100">
        <subfield code="a">Tannahill, Reay.</subfield>
      </datafield>
      <datafield ind1="1" ind2="0" tag="245">
        <subfield code="a">Food in history /</subfield>
        <subfield code="c">Reay Tannahill.</subfield>
      </datafield>
      <datafield ind1=" " ind2=" " tag="250">
        <subfield code="a">New, fully rev. and updated ed., 2nd ed.</subfield>
      </datafield>
      <datafield ind1=" " ind2=" " tag="260">
        <subfield code="a">London, England :</subfield>
        <subfield code="b">Penguin ;</subfield>
        <subfield code="a">New York, N.Y., USA :</subfield>
        <subfield code="b">Penguin Books USA,</subfield>
        <subfield code="c">1988.</subfield>
      </datafield>
      <datafield ind1=" " ind2=" " tag="300">
        <subfield code="a">xiv, 424 p. :</subfield>
        <subfield code="b">ill. ;</subfield>
        <subfield code="c">22 cm.</subfield>
      </datafield>
      <datafield ind1=" " ind2="0" tag="440">
        <subfield code="a">Penguin cookery library</subfield>
      </datafield>
      <datafield ind1=" " ind2=" " tag="504">
        <subfield code="a">Includes bibliographical references (p. [397]-409) and index.</subfield>
      </datafield>
      <datafield ind1=" " ind2="0" tag="650">
        <subfield code="a">Food</subfield>
        <subfield code="x">History.</subfield>
      </datafield>
      <datafield ind1=" " ind2="0" tag="650">
        <subfield code="a">Dinners and dining.</subfield>
      </datafield>
      <datafield ind1=" " ind2=" " tag="INT">
        <subfield code="a">P</subfield>
      </datafield>
      <datafield ind1=" " ind2=" " tag="INST">
        <subfield code="a">01TULI_INST</subfield>
      </datafield>
      <datafield ind1=" " ind2=" " tag="AVA">
        <subfield code="0">2</subfield>
        <subfield code="a">01TULI_INST</subfield>
        <subfield code="b">GRAD</subfield>
        <subfield code="q">Graduate Library</subfield>
        <subfield code="c">Stacks</subfield>
        <subfield code="d">GT2850 .T34 1988</subfield>
        <subfield code="e">available</subfield>
        <subfield code="f">1</subfield>
        <subfield code="g">0</subfield>
        <subfield code="j">grad</subfield>
        <subfield code="k">0</subfield>
        <subfield code="p">1</subfield>
      </datafield>
    </record>
  </bib>
</bibs>
